@article{planck2018params,
  author        = {{Planck Collaboration} (N.~Aghanim \textit{et al.})},
  title         = "{Planck 2018 results. VI. Cosmological parameters}",
  journal       = {Astronomy & Astrophysics},
  volume        = {641},
  pages         = {A6},
  year          = 2020,
  doi           = {10.1051/0004-6361/201833910}
}

@article{silk1968,
  author       = {Silk, Joseph},
  title        = {Cosmic Black-Body Radiation and Galaxy Formation},
  journal      = {Astrophysical Journal},
  volume       = {151},
  pages        = {459--471},
  year         = 1968,
  doi          = {10.1086/149449}
}

@article{hu2002,
  author       = {Hu, Wayne and Dodelson, Scott},
  title        = {Cosmic Microwave Background Anisotropies},
  journal      = {Annual Review of Astronomy and Astrophysics},
  volume       = {40},
  pages        = {171--216},
  year         = 2002,
  doi          = {10.1146/annurev.astro.40.060401.093926}
}

@article{knox1995,
  author       = {Knox, Lloyd},
  title        = {Determination of Inflationary Observables by Cosmic Microwave Background Anisotropy Experiments},
  journal      = {Physical Review D},
  volume       = {52},
  pages        = {4307--4318},
  year         = 1995,
  doi          = {10.1103/PhysRevD.52.4307}
}

@article{lewis2002,
  author       = {Lewis, Antony and Bridle, Sarah},
  title        = {Cosmological Parameters from CMB and Other Data: A Monte Carlo Approach},
  journal      = {Physical Review D},
  volume       = {66},
  pages        = {103511},
  year         = 2002,
  doi          = {10.1103/PhysRevD.66.103511}
}

@article{bond2000,
  author       = {Bond, J. Richard and Jaffe, Andrew H. and Knox, Lloyd},
  title        = {Radical Compression of Cosmic Microwave Background Data},
  journal      = {Astrophysical Journal},
  volume       = {533},
  pages        = {19--37},
  year         = 2000,
  doi          = {10.1086/308625}
}